@INPROCEEDINGS{autofiff_pytorch, 
 author={Adam {Paszkem,} Sam {Gross,} Soumith {Chintala,} Gregory {Chanan,} Edward {Yang,} Zachary {DeVito,} Zeming {Lin,} Alban {Desmaison,} Luca {Antiga,} Adam {Lerer}}, 
 booktitle={32st Conference on Neural Processing Systems (NIPS 2017)}, 
 title={Automatic differentiation in PyTorch}, 
 year={2017}, 
 volume={}, 
 number={}, 
 pages={}, 
 doi={}, 
 ISSN={}, 
 month={}
 }

@book{ml_book,
	author = {Sergios {Theodoridis}},
	title = {Machine Learning: A Bayesian and Optimization Perspective},
	date = {2020},
	OPTeditor = {editor},
	OPTeditora = {editora},
	OPTeditorb = {editorb},
	OPTeditorc = {editorc},
	OPTtranslator = {translator},
	OPTannotator = {annotator},
	OPTcommentator = {commentator},
	OPTintroduction = {introduction},
	OPTforeword = {foreword},
	OPTafterword = {afterword},
	OPTsubtitle = {subtitle},
	OPTtitleaddon = {titleaddon},
	OPTmaintitle = {maintitle},
	OPTmainsubtitle = {mainsubtitle},
	OPTmaintitleaddon = {maintitleaddon},
	OPTlanguage = {language},
	OPToriglanguage = {origlanguage},
	OPTvolume = {volume},
	OPTpart = {part},
	OPTedition = {edition},
	OPTvolumes = {volumes},
	OPTseries = {series},
	OPTnumber = {number},
	OPTnote = {note},
	OPTpublisher = {publisher},
	OPTlocation = {location},
	OPTisbn = {isbn},
	OPTchapter = {chapter},
	OPTpages = {pages},
	OPTpagetotal = {pagetotal},
	OPTaddendum = {addendum},
	OPTpubstate = {pubstate},
	OPTdoi = {doi},
	OPTeprint = {eprint},
	OPTeprintclass = {eprintclass},
	OPTeprinttype = {eprinttype},
	OPTurl = {url},
	OPTurldate = {urldate},
}


@book{pbdl_book,
	author = {N. {Thuerey,} P. {Hall,} M. {Mueller,} P. {Schnell,} F. {Trost,} K. {Um}},
	title = {Physics-based Deep Learning},
	date = {25 April 2022},
	OPTeditor = {editor},
	OPTeditora = {editora},
	OPTeditorb = {editorb},
	OPTeditorc = {editorc},
	OPTtranslator = {translator},
	OPTannotator = {annotator},
	OPTcommentator = {commentator},
	OPTintroduction = {introduction},
	OPTforeword = {foreword},
	OPTafterword = {afterword},
	OPTsubtitle = {subtitle},
	OPTtitleaddon = {titleaddon},
	OPTmaintitle = {maintitle},
	OPTmainsubtitle = {mainsubtitle},
	OPTmaintitleaddon = {maintitleaddon},
	OPTlanguage = {language},
	OPToriglanguage = {origlanguage},
	OPTvolume = {volume},
	OPTpart = {part},
	OPTedition = {edition},
	OPTvolumes = {volumes},
	OPTseries = {series},
	OPTnumber = {number},
	OPTnote = {note},
	OPTpublisher = {publisher},
	OPTlocation = {location},
	OPTisbn = {isbn},
	OPTchapter = {chapter},
	OPTpages = {pages},
	OPTpagetotal = {pagetotal},
	OPTaddendum = {addendum},REFERENCE
	OPTpubstate = {pubstate},
	OPTdoi = {doi},
	OPTeprint = {eprint},
	OPTeprintclass = {eprintclass},
	OPTeprinttype = {eprinttype},
	OPTurl = {url},
	OPTurldate = {urldate},
}

@online{nvidia_modulus,
	ALTauthor = {author},
	ALTeditor = {editor},
	title = {Modulus User Guide},
	date = {Apr 07, 2022},
	url = {https://docs.nvidia.com/deeplearning/modulus/index.html},
	OPTsubtitle = {subtitle},
	OPTtitleaddon = {titleaddon},
	OPTlanguage = {language},
	OPTversion = {version},
	OPTnote = {note},
	OPTorganization = {organization},
	OPTdate = {date},
	OPTmonth = {month},
	OPTyear = {year},
	OPTaddendum = {addendum},
	OPTpubstate = {pubstate},
	OPTurldate = {urldate},
}
@article{pinn_part1,
	author = {Maziar {Raissi,} Paris {Perdikaris,} and George Em {Karniadakis}},
	title = {Physics Informed Deep Learning (Part 1):  Data-driven Solutions of Nonlinear Partial Differential Equations},
	journaltitle = {arXiv:1711.10561v1 [cs.AI]},
	date = {2017 Nov 28},
	OPTtranslator = {translator},
	OPTannotator = {annotator},
	OPTcommentator = {commentator},
	OPTsubtitle = {subtitle},
	OPTtitleaddon = {titleaddon},
	OPTeditor = {editor},
	OPTeditora = {editora},
	OPTeditorb = {editorb},
	OPTeditorc = {editorc},
	OPTjournalsubtitle = {journalsubtitle},
	OPTissuetitle = {issuetitle},
	OPTissuesubtitle = {issuesubtitle},
	OPTlanguage = {language},
	OPToriglanguage = {origlanguage},
	OPTseries = {series},
	OPTvolume = {volume},
	OPTnumber = {number},
	OPTeid = {eid},
	OPTissue = {issue},
	OPTmonth = {month},
	OPTpages = {pages},
	OPTversion = {version},
	OPTnote = {note},
	OPTissn = {issn},
	OPTaddendum = {addendum},
	OPTpubstate = {pubstate},
	OPTdoi = {doi},
	OPTeprint = {eprint},
	OPTeprintclass = {eprintclass},
	OPTeprinttype = {eprinttype},
	OPTurl = {url},
	OPTurldate = {urldate},
}

@article{ppinn,
	author = {Xuhui {Meng,} Zhen {Li,} Dongkun {Zhang,} and George Em {Karniadakis}},
	title = {PPINN: Parareal Physics-Informed Neural Network for time-dependent PDEs},
	journaltitle = {arXiv:1909.10145v1 [physics.comp-ph]},
	date = {23 Sep 2019},
	OPTtranslator = {translator},
	OPTannotator = {annotator},
	OPTcommentator = {commentator},
	OPTsubtitle = {subtitle},
	OPTtitleaddon = {titleaddon},
	OPTeditor = {editor},
	OPTeditora = {editora},
	OPTeditorb = {editorb},
	OPTeditorc = {editorc},
	OPTjournalsubtitle = {journalsubtitle},
	OPTissuetitle = {issuetitle},
	OPTissuesubtitle = {issuesubtitle},
	OPTlanguage = {language},
	OPToriglanguage = {origlanguage},
	OPTseries = {series},
	OPTvolume = {volume},
	OPTnumber = {number},
	OPTeid = {eid},
	OPTissue = {issue},
	OPTmonth = {month},
	OPTpages = {pages},
	OPTversion = {version},
	OPTnote = {note},
	OPTissn = {issn},
	OPTaddendum = {addendum},
	OPTpubstate = {pubstate},
	OPTdoi = {doi},
	OPTeprint = {eprint},
	OPTeprintclass = {eprintclass},
	OPTeprinttype = {eprinttype},
	OPTurl = {url},
	OPTurldate = {urldate},
}

@article{zubov2021neuralpde,
	title={NeuralPDE: Automating Physics-Informed Neural Networks (PINNs) with Error Approximations},
	author={Zubov, Kirill and McCarthy, Zoe and Ma, Yingbo and Calisto, Francesco and Pagliarino, Valerio and Azeglio, Simone and Bottero, Luca and Luj{\'a}n, Emmanuel and Sulzer, Valentin and Bharambe, Ashutosh and others},
	journal={arXiv preprint arXiv:2107.09443},
	year={2021}
}

@report{autodiff_survey,
	author = {Atilim G"{u}nes {Bayden,} Barak A. {Pearlmutter,} Alexey Andreyevich {Radul,} and Jeffrey Mark {Siskind}},
	title = {Automatic Differentiation in Machine Learning: a Survey},
	type = {type},
	institution = {institution},
	date = {date},
	OPTsubtitle = {subtitle},
	OPTtitleaddon = {titleaddon},
	OPTlanguage = {language},
	OPTnumber = {number},
	OPTversion = {version},
	OPTnote = {note},
	OPTlocation = {location},
	OPTmonth = {month},
	OPTisrn = {isrn},
	OPTchapter = {chapter},
	OPTpages = {pages},
	OPTpagetotal = {pagetotal},
	OPTaddendum = {addendum},
	OPTpubstate = {pubstate},
	OPTdoi = {doi},
	OPTeprint = {eprint},
	OPTeprintclass = {eprintclass},
	OPTeprinttype = {eprinttype},
	OPTurl = {url},
	OPTurldate = {urldate},
}

@unpublished{Nicole_SigProp,
	author = {Nicole Patterson},
	title = {Signal Propagation Equations},
	date = {04 May 2022},
	OPTsubtitle = {subtitle},
	OPTtitleaddon = {titleaddon},
	OPTlanguage = {language},
	OPThowpublished = {howpublished},
	OPTnote = {note},
	OPTlocation = {location},
	OPTisbn = {isbn},
	OPTdate = {date},
	OPTmonth = {month},
	OPTyear = {year},
	OPTaddendum = {addendum},
	OPTpubstate = {pubstate},
	OPTurl = {url},
	OPTurldate = {urldate},
}

@article{neural_operators,
	author = {Nikola {Kovachki,*} Zongyi {Li,*} Burigede {Liu,} Kamyar {Azizzadenesheli,} Kaushik {Bhattacharya,} Andrew {Stuart,} and Anima {Anandkumar}}},
	title = {Neural Operator:  Learning Maps Between Function Spaces},
	journaltitle = {arXiv:2108.08481v3 [cs.LG] 16 Dec 2021},
	date = {16 Dec 2021},
	OPTtranslator = {translator},
	OPTannotator = {annotator},
	OPTcommentator = {commentator},
	OPTsubtitle = {subtitle},
	OPTtitleaddon = {titleaddon},
	OPTeditor = {editor},
	OPTeditora = {editora},
	OPTeditorb = {editorb},
	OPTeditorc = {editorc},
	OPTjournalsubtitle = {journalsubtitle},
	OPTissuetitle = {issuetitle},
	OPTissuesubtitle = {issuesubtitle},
	OPTlanguage = {language},
	OPToriglanguage = {origlanguage},
	OPTseries = {series},
	OPTvolume = {volume},
	OPTnumber = {number},
	OPTeid = {eid},
	OPTissue = {issue},
	OPTmonth = {month},
	OPTpages = {pages},
	OPTversion = {version},
	OPTnote = {note},
	OPTissn = {issn},
	OPTaddendum = {addendum},
	OPTpubstate = {pubstate},
	OPTdoi = {doi},
	OPTeprint = {eprint},
	OPTeprintclass = {eprintclass},
	OPTeprinttype = {eprinttype},
	OPTurl = {url},
	OPTurldate = {urldate},
}

@article{fno,
	author = {Zongyi {Li,} Nikola {Kovachki,} Kamyar {Azizzadenesheli,} Burigede {Liu,} Kaushik {Bhattacharya,} Andrew {Stuart,} and Anima {Anandkumar,}},
	title = {Fourier Neural Operator for Parametric Partial Differential Equations},
	journaltitle = {ICLR 2021},
	date = {17 May 2021},
	OPTtranslator = {translator},
	OPTannotator = {annotator},
	OPTcommentator = {commentator},
	OPTsubtitle = {subtitle},
	OPTtitleaddon = {titleaddon},
	OPTeditor = {editor},
	OPTeditora = {editora},
	OPTeditorb = {editorb},
	OPTeditorc = {editorc},
	OPTjournalsubtitle = {journalsubtitle},
	OPTissuetitle = {issuetitle},
	OPTissuesubtitle = {issuesubtitle},
	OPTlanguage = {language},
	OPToriglanguage = {origlanguage},
	OPTseries = {series},
	OPTvolume = {volume},
	OPTnumber = {number},
	OPTeid = {eid},
	OPTissue = {issue},
	OPTmonth = {month},
	OPTpages = {pages},
	OPTversion = {version},
	OPTnote = {note},
	OPTissn = {issn},
	OPTaddendum = {addendum},
	OPTpubstate = {pubstate},
	OPTdoi = {doi},
	OPTeprint = {eprint},
	OPTeprintclass = {eprintclass},
	OPTeprinttype = {eprinttype},
	OPTurl = {url},
	OPTurldate = {urldate},
}

@article{haghighat2021sciann,
	title={SciANN: A Keras/TensorFlow wrapper for scientific computations and physics-informed deep learning using artificial neural networks},
	author={Haghighat, Ehsan and Juanes, Ruben},
	journal={Computer Methods in Applied Mechanics and Engineering},
	volume={373},
	pages={113552},
	year={2021},
	publisher={Elsevier}
}

@article{lu2021deepxde,
	author  = {Lu, Lu and Meng, Xuhui and Mao, Zhiping and Karniadakis, George Em},
	title   = {{DeepXDE}: A deep learning library for solving differential equations},
	journal = {SIAM Review},
	volume  = {63},
	number  = {1},
	pages   = {208-228},
	year    = {2021},
	doi     = {10.1137/19M1274067}
}


